@BOOK{AGST,
  author	= "Sun Tzu",
  title		= "A Arte da Guerra",
  publisher	= "Golden Books",
  year		= "IV a.C",  
  isbn		= "978-85-7501-272-7",
  edition	= "1ª",
  pages		= "47",
  furtherresp	= "Tradução de Candida de Sampaio Bastos"
}

@BOOK{CF,
  author	= "Jesus Antonio Velho and Gustavo Caminoto Geiser and Alberi Espindura",
  title		= "Ciências Forenses",
  publisher	= "Millenniumn",
  year		= "2012",  
  address	= "Campinas - SP",
  isbn		= "978-85-7625-249-8",
  edition	= "1ª"
}

@BOOK{HOU,
  author	= "Antônio Houaiss and Mauro de Salles Villar",
  title		= "Dicionário Houaiss da língua portuguesa",
  publisher	= "Objetiva",
  year		= "2009",
  address	= "Rio de Janeiro - RJ",
  isbn		= "978-85-7302-9635",
  edition	= "1ª"
}

@BOOK{ML,
  author	= "G. V. França",
  title		= "Medicina Legal",
  publisher	= "Guanabara-kooga",
  year		= "2008",
  address	= "Rio de Janeiro - RJ",
  isbn		= "978-85-7302-9635",
  edition	= "8ª"
}


@BOOK{DCF2011,
  author 	= "Marcio Pereira Machado and Pedro Monteiro da Silva Eleutério",
  title 	= "Desvendando a Computação Forense",
  publisher 	= "Novatec",
  year 		= "2011",
  isbn		= "978-85-7522-260-7",
  edition	= "1ª"
}












@BOOK{SCH2003,
  title = {Incident Response: Computer Forensics Toolkit},
  publisher = {Wiley},
  year = {2003},
  author = {Douglas Schweitzer},
  isbn = {9780764526367}
}

@BOOK{CODPENAL,
  author = {Código Penal},
  title = {Código Penal},
  chapter={TÍTULO II DOS CRIMES CONTRA O PATRIMÔNIO - CAPÍTULO VI DO ESTELIONATO E OUTRAS FRAUDES},
  address={Rio de Janeiro},
  year = {1940},
  url = {http://www.camara.gov.br/proposicoesWeb/fichadetramitacao?idProposicao=15028},
  urldate = {31 de dezembro de 1940}
}

@WWW{WIKCI,
  author = {Wikip\'edia},
  title = {Crime inform\'atico},
  url = {http://pt.wikipedia.org/wiki/Crime\_inform\'atico},
  year = {2012},
  urldate = {28 de maio de 2012}
}

@WWW{FLCC,
  author = {Juliana Carpanez},
  title = {Conheça os crimes virtuais mais comuns},
  url = {http://www1.folha.uol.com.br/folha/informatica/ult124u19455.shtml},
  year = {2012},
  urldate = {28 de maio de 2012}
}

@WWW{LEIAZ,
  author = {Wikerson Landim},
  title = {Conheça a Lei Azeredo, o SOPA brasileiro},
  url = {http://www.tecmundo.com.br/ciencia/18357-conheca-a-lei-azeredo-o-sopa-brasileiro.htm},
  year = {2012},
  urldate = {24 de Janeiro de 2012}
}

@WWW{PL27903,
  author = {Paulo Teixeira},
  title = {PL 2793/2011},
  year = {2011},
  url = {http://www.camara.gov.br/proposicoesWeb/fichadetramitacao?idProposicao=529011}, 
  urldate = {29 de novembro de 2011}
}

@WWW{PL84,
  author = {Luiz Piauhylino},
  title = {PL 84/1999},
  year = {1999},
  url = {http://www.camara.gov.br/proposicoesWeb/fichadetramitacao?idProposicao=15028},
  urldate = {24 de fevereiro de 1999}
}

@WWW{PCI,
  author = {PCI},
  title = {PCI},
  year = {2012},
  url = {https://www.pcisecuritystandards.org/},
  urldate = {14 de Junho de 2012}
}

@WWW{ISO27000,
  author = {ISO},
  title = {ISO 27000},
  year = {2009},
  url = {http://www.iso.org/iso/iso\_catalogue/catalogue\_tc/catalogue\_detail.htm?csnumber=41933},
  urldate = {28 de maio de 2012}
}

@BOOK{COBIT,
  author = {COBIT},
  title = {COBIT 5},
  year = {2012},
  url = {https://www.isaca.org/COBIT/pages/default.aspx},
  urldate = {07 de Junho de 2012}
}

@BOOK{GIL,
  author = {Antonio de Loureiro Gil},
  title = {Fraudes Informatizadas},
  year = {1991},
  address = {São Paulo},
  edition = {2ª},
  publisher = {Atlas}
}

@WWW{CERT,
  author = {CERT.br},
  title = {Núcleo de Informação e Coordenação do Ponto BR},
  year = {2012},
  url = {http://www.cert.br/},	 
  urldate = {14 de Junho de 2012}
}

@WWW{ESTADAO,
  author = {Rodrigo Petry},
  title = {Débito deve ultrapassar cartão crédito em 2012},
  year = {2012},
  url = {http://blogs.estadao.com.br/jt-seu-bolso/tag/associacao-brasileira-das-empresas-de-cartoes-de-credito-e-servicos/},
  urldate = {22 de Marco de 2012}
}

@ARTICLE{FRAUELE,
  author = {Paulo Sérgio Siqueira Bastos and Roberto Miguel Pereira},
  title = {FRAUDES ELETRÔNICAS: O QUE HÁ DE NOVO?},
  year = {2007},
  url = {http://www.sergiomariz.com/mcc.uerj/index2.php?option=com\_docman\&task=doc\_view\&gid=20\&Itemid=51},
  urldate = {14 de Junho de 2012}
}

@WWW{CAMARGO,
  author = {Francisco Camargo},
  title = {Fraudes eletrônicas assustam setor financeiro},
  year = {2005},
  url = {http://webinsider.uol.com.br/imprimir.php?id=2045},
  urldate = {16 de Novembro de 2005}
}

@WWW{MODUSOPE,
  author = {O'Connor, T.},
  title = {THE MODUS OPERANDI OF HACKING},
  year = {2010},
  url = {http://www.drtomoconnor.com/3100/3100lect04.htm},
  urldate = {25 de Outubro de 2010}
}

@ARTICLE{FRAUDECARTAOCIELO,
  author = {Paulo Sérgio Siqueira Bastos and Roberto Miguel Pereira},
  title = {FRAUDES ELETRÔNICAS: O QUE HÁ DE NOVO?},
  year = {2007},  
  urldate = {14 de Junho de 2012}
}

@WWW{IC3,
  author = {IC3},
  title = {Internet Crime Complaint Center},
  year = {2012},
  url = {http://www.ic3.gov/default.aspx},
  urldate = {15 de Junho de 2012}
}

@WWW{MONITORFRAUDES,
  author = {Lorenzo Parodi},
  title = {Monitor das Fraudes},
  year = {2012},
  url = {http://www.fraudes.org/},
  urldate = {15 de Junho de 2012}
}

@BOOK{TURBAN,
  author = {Efraim Turban and Ephraim McLean and James Wetherbe},
  title = {Tecnologia da Informação para Gestão: Transformando os Negócios na Economia Digital},
  year = {2004},
  address = {São Paulo},
  edition = {3ª},
  publisher = {Bookman},
  capitle = {5}
}

@WWW{PARTNERSALES,
  author = {Patricia Peck Pinheiro},
  title = {Como prevenir e combater a fraude eletrônica?},
  year = {2009},
  url = {http://www.partnersales.com.br/artigo/48/como-prevenir-e-combater-a-fraude-eletronica},
  urldate = {15 de Junho de 2012}
}

@WWW{ACIPAYMENT,
  author = {ACI Payment Systems},
  title = {ACI Proactive Risk Manager},
  year = {2012},
  url = {http://www.aciworldwide.com/en/Products-and-services/Payments-fraud/Fraud-detection-and-AML/Proactive-Risk-Manager.aspx},
  urldate = {15 de Junho de 2012}
}

@WWW{CANITANTISPAM,
  author = {UnoData},
  title = {AntiSpam and Internet Solutions},
  year = {2012},
  url = {http://www.unodata.com.br/software\_antispam},
  urldate = {15 de Junho de 2012}
}

@WWW{RIO20,
  author = {Luís Osvaldo Grossmann},
  title = {Crimes cibernéticos: Polícia Federal faz teste de larga escala com Rio+20},
  year = {2012},
  url = {http://convergenciadigital.uol.com.br/cgi/cgilua.exe/sys/start.htm?infoid=30670\&sid=18},
  urldate = {15 de Junho de 2012}
}

@ARTICLE{SYMANTECREL2011,
  author = {Symantec},
  title = {Relatório sobre Segurança da Informação nas Empresas},
  year = {2011},  
  urldate = {15 de Junho de 2012}
}

@WWW{DWKS,
  author = {Renato Rodrigues},
  title = {Brasil é líder em vírus que roubam dados bancários, diz pesquisa},
  year = {2012},
  url = {http://idgnow.uol.com.br/seguranca/2010/08/24/brasil-e-lider-em-virus-que-roubam-dados-bancarios-diz-pesquisa/},
  urldate = {24 de Agosto de 2010}
}

@WWW{ADBV,
  author = {Adrenaline},
  title = {Brasil lidera criação de vírus que roubam dados bancários},
  year = {2010},
  url = {http://adrenaline.uol.com.br/seguranca/noticias/6046/brasil-lidera-criacao-de-virus-que-roubam-dados-bancarios.html},
  urldate = {15 de Junho de 2012}
}

@WWW{ADCC,
  author = {Adrenaline},
  title = {Como funciona o cibercrime brasileiro},
  year = {2011},
  url = {http://adrenaline.uol.com.br/seguranca/artigos/162/como-funciona-o-cibercrime-brasileiro.html},
  urldate = {15 de Junho de 2012}
}

@WWW{FUNK,
  author = {Video Youtube: Bonde dos Cartão},
  title = {Video Youtube: Bonde dos Cartão},
  year = {2012},
  url = {http://www.youtube.com/watch?v=XXnQgv9F0yc},
  urldate = {15 de Junho de 2012}
}

@WWW{KAS,
  author = {Kaspersky},
  title = {Kaspersky},
  year = {2012},
  url = {kaspersky.com},
  urldate = {15 de Junho de 2012}
}

@WWW{NORTON,
  author = {Norton - Symantec},
  title = {Norton Cybercrime Report: The Shocking Scale of Cybercrime},
  year = {2012},
  url = {http://uk.norton.com/cybercrimereport/promo},
  urldate = {15 de Junho de 2012}
}

@WWW{SWKK,
  author = {Renato Rodrigues},
  title = {Quer ser um cibercriminoso? Crackers brasileiros agora oferecem curso online},
  year = {2012},
  url = {http://idgnow.uol.com.br/seguranca/2012/01/17/quer-ser-um-cibercriminoso-crackers-brasileiros-agora-oferecem-curso-online/},
  urldate = {15 de Junho de 2012}
}
@WWW{TOOLKIT,
  author = {Business Owner's Toolkit},
  title = {Anti-Fraud Software Solutions},
  year = {2012},
  url = {http://www.toolkit.com/small\_business\_guide/sbg.aspx?nid=P14\_3230},
  urldate = {15 de Junho de 2012}
}

@WWW{ENDPOINTD1,
  author = {Symantec},
  title = {FAQ Customer Installations Issues with Resolutions},
  year = {2012},
  url = {http://www.symantec.com/business/support/endpointsecurity/sep11\_faq\_customer-installations-issues-with-resolutions\_int\_112007\%20partner(3)).pdf},
  urldate = {15 de Junho de 2012}
} 

@WWW{ENDPOINTD2,
  author = {TECH102742},
  title = {Windows Servers stop accepting network connections with Symantec Endpoint Protection 11.0 installed},
  year = {2012},
  url = {http://service1.symantec.com/SUPPORT/ent-security.nsf/docid/2007102613484948},
  urldate = {15 de Junho de 2012}
} 

@WWW{SYMANTEC,
  author = {Symantec},
  title = {Symantec Web Site},
  year = {2012},
  url = {http://www.symantec.com/pt/br/},
  urldate = {15 de Junho de 2012}
}

@WWW{SYMANPRO,
  author = {Carlos Fernando Paleo da Rocha},
  title = {Problemas com o Symantec Endpoint Protection 11.0},
  year = {2008},
  url = {http://carlosfprocha.com/blogs/paleo/archive/2008/02/08/problemas-com-o-symantec-endpoint-protection-11-0.aspx},
  urldate = {15 de Junho de 2012}
}

@WWW{CISCO,
  author = {CISCO},
  title = {CISCO Web site},
  year = {2012},
  url = {www.cisco.com},
  urldate = {15 de Junho de 2012}
}

@WWW{NACOV,
  author = {CISCO},
  title = {NAC Solution And Technology Overview},
  year = {2012},
  url = {http://www.informit.com/content/images/1587052253/samplechapter/1587052253ch1.pdf},
  urldate = {15 de Junho de 2012}
}

@WWW{NACI,
  author = {CISCO},
  title = {Implementing Network Admission Control},
  year = {2012},
  url = {http://i.i.com.com/cnwk.1d/i/tr/downloads/home/1587052539\_chapter\_6.pdf},
  urldate = {15 de Junho de 2012}
}

@WWW{NACAG,
  author = {CISCO},
  title = {Cisco NAC Appliance Agents},
  year = {2012},
  url = {http://www.cisco.com/en/US/docs/security/nac/appliance/configuration\_guide/461/cam/m\_webagt.html},
  urldate = {15 de Junho de 2012}
}

@WWW{CHECKPOINT1,
  author = {Check Point},
  title = {Check Point Full Disk Encryption},
  year = {2012},
  url = {http://www.checkpoint.com/products/full-disk-encryption/index.html},
  urldate = {15 de Junho de 2012}
}

@WWW{CHECKPOINT2,
  author = {Check Point},
  title = {Security Gateways},
  year = {2012},
  url = {http://www.layer8-it.net/l8/index.php/sv/checkpoint-security},
  urldate = {15 de Junho de 2012}
}













@WWW{WIKCC,
  author = {Wikip\'edia},
  title = {Computer crime},
  url = {http://en.wikipedia.org/wiki/Computer\_crime},
  year = {2012}, 
  urldate = {28 de maio de 2012}
}

@WWW{CCIPS,
  author = {Department of Justice},
  title = {Computer Crime & Intellectual Property Section},
  url = {http://www.justice.gov/criminal/cybercrime/},	 
  urldate = {28 de maio de 2012}
}

@WWW{CCIPSPDF,
  author = {Department of Justice},
  title = {Computer Crime & Intellectual Property Section},
  url = {http://www.justice.gov/criminal/cybercrime/docs/ccmanual.pdf},	 
  year = {2012},
  urldate = {28 de maio de 2012}
}

